<?xml version="1.0" encoding="UTF-8"?><record xmlns="http://www.loc.gov/MARC21/slim" xmlns:cinclude="http://apache.org/cocoon/include/1.0" xmlns:zs="http://www.loc.gov/zing/srw/">
  <leader>00448nz  a2200121n  4500</leader>
  <controlfield tag="001">n 2011009058</controlfield>
  <controlfield tag="003">DLC</controlfield>
  <controlfield tag="005">20110210074938.0</controlfield>
  <controlfield tag="008">110209n| acannaabn          |n aaa      </controlfield>
  <datafield tag="010" ind1=" " ind2=" ">
    <subfield code="a">n 2011009058</subfield>
  </datafield>
  <datafield tag="040" ind1=" " ind2=" ">
    <subfield code="a">DLC</subfield>
    <subfield code="b">eng</subfield>
    <subfield code="c">DLC</subfield>
  </datafield>
  <datafield tag="100" ind1="1" ind2=" ">
    <subfield code="a">Griffin, Heather</subfield>
  </datafield>
  <datafield tag="670" ind1=" " ind2=" ">
    <subfield code="a">National Visionary Leadership Project oral history, 2002-11-02:</subfield>
    <subfield code="b">collection materials (Heather Griffin; interviewer for the National Visionary Leadership Project, student at Oberlin College)</subfield>
  </datafield>
</record>